@ARTICLE {existenceW,
    author  = "Ahmed, B. and Alsaedi, A. and Brezzi, F. and Marini, L.D. and Russo, A.",
    title   = "Equivalent projectors for virtual element methods",
    journal = "Computational Mathematics and Applications",
    year    = "2013",
    volume  = "66",
    pages   = "376-391"
}

@ARTICLE {hitchhicker,
    author  = "Beirão da Veiga, L. and Brezzi, F. and Marini, L.D. and Russo, A.",
    title   = "The Hitchhiker's Guide to the Virtual Element Method",
    journal = "Mathematical Models and Methods in Applied Sciences",
    year    = "2014",
    volume  = "24",
    number  = "8",
    pages   = "1541-1573"
}

@ARTICLE {brennerscott,
    author  = "Brenner, S.C. and Scott, R.L.",
    title   = "The Mathematical Theory of Finite Element Methods",
    journal = "Texts in Applied Mathematics, Springer-Verlag",
    year    = "2008",
    volume  = "15",
    pages   = "1541-1573"
}

@ARTICLE {basicpples,
    author  = "Beirão da Veiga, L. and Brezzi, F. and Cangiani, A. and Manzini, G. and Marini, L.D. and Russo, A.",
    title   = "Basic principles of virtual element methods",
    journal = "Mathematical Models and Methods in Applied Sciences",
    year    = "2013",
    volume  = "23",
    number  = "1",
    pages   = "199-214"
}